% @book{adams1980hitchhiker,
%     title={The hitchhiker's guide to the galaxy},
%     author={Adams, Douglas},
%     isbn={9780517542095},
%     lccn={80014572},
%     series={Hitchhiker's Guide to the Galaxy Series},
%     year={1980},
%     publisher={Harmony Books},
% }
% @misc{rfc2549,
%     author="D. Waitzman",
%     title="{IP over Avian Carriers with Quality of Service}",
%     series="Request for Comments",
%     number="2549",
%     howpublished="RFC 2549 (Informational)",
%     publisher="IETF",
%     organization="Internet Engineering Task Force",
%     year=1999,
%     month=apr,
%     day="1",  
%     url="http://www.ietf.org/rfc/rfc2549.txt",
%     urldate="2014-09-31",
% }

@manual{Atmega8,
    title={8-bit Atmel with 8KBytes InSystem Programmable Flash},
    url="https://www.mouser.com/datasheet/2/268/Atmel-2486-8-bit-AVR-microcontroller-ATmega8_L_dat-1315266.pdf"
}

@INPROCEEDINGS{low_speed_regenerative_breaking, 
    author={P. Fajri and S. Heydari and N. Lotfi}, 
    booktitle={2017 IEEE 6th International Conference on Renewable Energy Research and Applications (ICRERA)}, 
    title={Optimum low speed control of regenerative braking for electric vehicles}, 
    year={2017}, 
    volume={}, 
    number={}, 
    pages={875-879}, 
    keywords={braking;electric vehicles;energy consumption;machine control;regenerative braking;velocity control;regenerative braking;optimum low speed control;electric vehicles;motor current;brake controller algorithm;EV test bench simulation model;Conferences;Intelligent vehicles;Automobiles;Propulsion;Industrial electronics;Brake Controller;Cutoff Point;Electric Vehicles;Regenerative Braking;Test Bench}, 
    doi={10.1109/ICRERA.2017.8191185}, 
    ISSN={2572-6013}, 
    month={Nov}
}

@INPROCEEDINGS{regen_strategy, 
    author={J. Guo and J. Wang and B. Cao}, 
    booktitle={2009 IEEE Intelligent Vehicles Symposium}, 
    title={Regenerative braking strategy for electric vehicles}, 
    year={2009}, 
    volume={}, 
    number={}, 
    pages={864-868}, 
    keywords={battery chargers;battery powered vehicles;regenerative braking;road vehicles;stability;torque control;regenerative braking;electric vehicle;driving range;vehicle stability;brake energy regeneration;mathematical model;battery charge;battery discharge;motor braking torque;road vehicle;Electric vehicles;Wheels;Torque;Traction motors;Roads;Hybrid electric vehicles;Force control;Stability;Axles;Tires}, 
    doi={10.1109/IVS.2009.5164393}, 
    ISSN={1931-0587}, 
    month={June}
}

@article{human_reaction_time,
    author = {DeGoede, Kurt M. and Ashton-Miller, James A. and Liao, Jimmy M. and Alexander, Neil B.},
    title = {How Quickly Can Healthy Adults Move Their Hands to Intercept an Approaching Object? Age and Gender Effects},
    journal = {The Journals of Gerontology: Series A},
    volume = {56},
    number = {9},
    pages = {M584-M588},
    year = {2001},
    doi = {10.1093/gerona/56.9.M584},
    URL = {http://dx.doi.org/10.1093/gerona/56.9.M584},
    eprint = {/oup/backfile/content_public/journal/biomedgerontology/56/9/10.1093_gerona_56.9.m584/1/m584.pdf}
}